@online{bib:fib,
    author = "Wikipedia",
    year = "2018",
    title = "Fibonacci number",
    url = "https://en.wikipedia.org/wiki/Fibonacci\_number",
    urldate = "2018-10-09"
}